%YAML 1.1
%TAG !u! tag:unity3d.com,2011:
--- !u!29 &1
OcclusionCullingSettings:
  m_ObjectHideFlags: 0
  serializedVersion: 2
  m_OcclusionBakeSettings:
    smallestOccluder: 5
    smallestHole: 0.25
    backfaceThreshold: 100
  m_SceneGUID: 00000000000000000000000000000000
  m_OcclusionCullingData: {fileID: 0}
--- !u!104 &2
RenderSettings:
  m_ObjectHideFlags: 0
  serializedVersion: 9
  m_Fog: 0
  m_FogColor: {r: 0.5, g: 0.5, b: 0.5, a: 1}
  m_FogMode: 3
  m_FogDensity: 0.01
  m_LinearFogStart: 0
  m_LinearFogEnd: 300
  m_AmbientSkyColor: {r: 0.212, g: 0.227, b: 0.259, a: 1}
  m_AmbientEquatorColor: {r: 0.114, g: 0.125, b: 0.133, a: 1}
  m_AmbientGroundColor: {r: 0.047, g: 0.043, b: 0.035, a: 1}
  m_AmbientIntensity: 1
  m_AmbientMode: 0
  m_SubtractiveShadowColor: {r: 0.42, g: 0.478, b: 0.627, a: 1}
  m_SkyboxMaterial: {fileID: 10304, guid: 0000000000000000f000000000000000, type: 0}
  m_HaloStrength: 0.5
  m_FlareStrength: 1
  m_FlareFadeSpeed: 3
  m_HaloTexture: {fileID: 0}
  m_SpotCookie: {fileID: 10001, guid: 0000000000000000e000000000000000, type: 0}
  m_DefaultReflectionMode: 0
  m_DefaultReflectionResolution: 128
  m_ReflectionBounces: 1
  m_ReflectionIntensity: 1
  m_CustomReflection: {fileID: 0}
  m_Sun: {fileID: 0}
  m_IndirectSpecularColor: {r: 0.44657826, g: 0.49641263, b: 0.57481676, a: 1}
  m_UseRadianceAmbientProbe: 0
--- !u!157 &3
LightmapSettings:
  m_ObjectHideFlags: 0
  serializedVersion: 11
  m_GIWorkflowMode: 0
  m_GISettings:
    serializedVersion: 2
    m_BounceScale: 1
    m_IndirectOutputScale: 1
    m_AlbedoBoost: 1
    m_EnvironmentLightingMode: 0
    m_EnableBakedLightmaps: 1
    m_EnableRealtimeLightmaps: 1
  m_LightmapEditorSettings:
    serializedVersion: 10
    m_Resolution: 2
    m_BakeResolution: 40
    m_AtlasSize: 1024
    m_AO: 0
    m_AOMaxDistance: 1
    m_CompAOExponent: 1
    m_CompAOExponentDirect: 0
    m_Padding: 2
    m_LightmapParameters: {fileID: 0}
    m_LightmapsBakeMode: 1
    m_TextureCompression: 1
    m_FinalGather: 0
    m_FinalGatherFiltering: 1
    m_FinalGatherRayCount: 256
    m_ReflectionCompression: 2
    m_MixedBakeMode: 2
    m_BakeBackend: 1
    m_PVRSampling: 1
    m_PVRDirectSampleCount: 32
    m_PVRSampleCount: 500
    m_PVRBounces: 2
    m_PVRFilterTypeDirect: 0
    m_PVRFilterTypeIndirect: 0
    m_PVRFilterTypeAO: 0
    m_PVRFilteringMode: 1
    m_PVRCulling: 1
    m_PVRFilteringGaussRadiusDirect: 1
    m_PVRFilteringGaussRadiusIndirect: 5
    m_PVRFilteringGaussRadiusAO: 2
    m_PVRFilteringAtrousPositionSigmaDirect: 0.5
    m_PVRFilteringAtrousPositionSigmaIndirect: 2
    m_PVRFilteringAtrousPositionSigmaAO: 1
    m_ShowResolutionOverlay: 1
  m_LightingDataAsset: {fileID: 0}
  m_UseShadowmask: 1
--- !u!196 &4
NavMeshSettings:
  serializedVersion: 2
  m_ObjectHideFlags: 0
  m_BuildSettings:
    serializedVersion: 2
    agentTypeID: 0
    agentRadius: 0.5
    agentHeight: 2
    agentSlope: 45
    agentClimb: 0.4
    ledgeDropHeight: 0
    maxJumpAcrossDistance: 0
    minRegionArea: 2
    manualCellSize: 0
    cellSize: 0.16666667
    manualTileSize: 0
    tileSize: 256
    accuratePlacement: 0
    debug:
      m_Flags: 0
  m_NavMeshData: {fileID: 0}
--- !u!224 &13429195 stripped
RectTransform:
  m_CorrespondingSourceObject: {fileID: 7282964564457017667, guid: 90f0a4b5c558e074e997aecf802bedff,
    type: 3}
  m_PrefabInstance: {fileID: 912189513}
  m_PrefabAsset: {fileID: 0}
--- !u!1 &149525372 stripped
GameObject:
  m_CorrespondingSourceObject: {fileID: 7282964563478696592, guid: 90f0a4b5c558e074e997aecf802bedff,
    type: 3}
  m_PrefabInstance: {fileID: 912189513}
  m_PrefabAsset: {fileID: 0}
--- !u!114 &149525378
MonoBehaviour:
  m_ObjectHideFlags: 0
  m_CorrespondingSourceObject: {fileID: 0}
  m_PrefabInstance: {fileID: 0}
  m_PrefabAsset: {fileID: 0}
  m_GameObject: {fileID: 149525372}
  m_Enabled: 1
  m_EditorHideFlags: 0
  m_Script: {fileID: -619905303, guid: f70555f144d8491a825f0804e09c671c, type: 3}
  m_Name: 
  m_EditorClassIdentifier: 
  m_FirstSelected: {fileID: 0}
  m_sendNavigationEvents: 1
  m_DragThreshold: 10
--- !u!224 &299558545 stripped
RectTransform:
  m_CorrespondingSourceObject: {fileID: 7282964563995077613, guid: 90f0a4b5c558e074e997aecf802bedff,
    type: 3}
  m_PrefabInstance: {fileID: 912189513}
  m_PrefabAsset: {fileID: 0}
--- !u!1 &726867392 stripped
GameObject:
  m_CorrespondingSourceObject: {fileID: 7667235565242288169, guid: 90f0a4b5c558e074e997aecf802bedff,
    type: 3}
  m_PrefabInstance: {fileID: 912189513}
  m_PrefabAsset: {fileID: 0}
--- !u!114 &726867399
MonoBehaviour:
  m_ObjectHideFlags: 0
  m_CorrespondingSourceObject: {fileID: 0}
  m_PrefabInstance: {fileID: 0}
  m_PrefabAsset: {fileID: 0}
  m_GameObject: {fileID: 726867392}
  m_Enabled: 1
  m_EditorHideFlags: 0
  m_Script: {fileID: 11500000, guid: e66fa18c1c2db4843a1e887ed17da9ae, type: 3}
  m_Name: 
  m_EditorClassIdentifier: 
--- !u!1001 &912189513
PrefabInstance:
  m_ObjectHideFlags: 0
  serializedVersion: 2
  m_Modification:
    m_TransformParent: {fileID: 0}
    m_Modifications:
    - target: {fileID: 7667235566229306205, guid: 90f0a4b5c558e074e997aecf802bedff,
        type: 3}
      propertyPath: m_Name
      value: Canvas
      objectReference: {fileID: 0}
    - target: {fileID: 7667235566229306193, guid: 90f0a4b5c558e074e997aecf802bedff,
        type: 3}
      propertyPath: m_LocalPosition.x
      value: 0
      objectReference: {fileID: 0}
    - target: {fileID: 7667235566229306193, guid: 90f0a4b5c558e074e997aecf802bedff,
        type: 3}
      propertyPath: m_LocalPosition.y
      value: 0
      objectReference: {fileID: 0}
    - target: {fileID: 7667235566229306193, guid: 90f0a4b5c558e074e997aecf802bedff,
        type: 3}
      propertyPath: m_LocalPosition.z
      value: 0
      objectReference: {fileID: 0}
    - target: {fileID: 7667235566229306193, guid: 90f0a4b5c558e074e997aecf802bedff,
        type: 3}
      propertyPath: m_LocalRotation.x
      value: 0
      objectReference: {fileID: 0}
    - target: {fileID: 7667235566229306193, guid: 90f0a4b5c558e074e997aecf802bedff,
        type: 3}
      propertyPath: m_LocalRotation.y
      value: 0
      objectReference: {fileID: 0}
    - target: {fileID: 7667235566229306193, guid: 90f0a4b5c558e074e997aecf802bedff,
        type: 3}
      propertyPath: m_LocalRotation.z
      value: 0
      objectReference: {fileID: 0}
    - target: {fileID: 7667235566229306193, guid: 90f0a4b5c558e074e997aecf802bedff,
        type: 3}
      propertyPath: m_LocalRotation.w
      value: 1
      objectReference: {fileID: 0}
    - target: {fileID: 7667235566229306193, guid: 90f0a4b5c558e074e997aecf802bedff,
        type: 3}
      propertyPath: m_RootOrder
      value: 4
      objectReference: {fileID: 0}
    - target: {fileID: 7667235566229306193, guid: 90f0a4b5c558e074e997aecf802bedff,
        type: 3}
      propertyPath: m_LocalEulerAnglesHint.x
      value: 0
      objectReference: {fileID: 0}
    - target: {fileID: 7667235566229306193, guid: 90f0a4b5c558e074e997aecf802bedff,
        type: 3}
      propertyPath: m_LocalEulerAnglesHint.y
      value: 0
      objectReference: {fileID: 0}
    - target: {fileID: 7667235566229306193, guid: 90f0a4b5c558e074e997aecf802bedff,
        type: 3}
      propertyPath: m_LocalEulerAnglesHint.z
      value: 0
      objectReference: {fileID: 0}
    - target: {fileID: 7667235566229306193, guid: 90f0a4b5c558e074e997aecf802bedff,
        type: 3}
      propertyPath: m_AnchoredPosition.x
      value: 0
      objectReference: {fileID: 0}
    - target: {fileID: 7667235566229306193, guid: 90f0a4b5c558e074e997aecf802bedff,
        type: 3}
      propertyPath: m_AnchoredPosition.y
      value: 0
      objectReference: {fileID: 0}
    - target: {fileID: 7667235566229306193, guid: 90f0a4b5c558e074e997aecf802bedff,
        type: 3}
      propertyPath: m_SizeDelta.x
      value: 0
      objectReference: {fileID: 0}
    - target: {fileID: 7667235566229306193, guid: 90f0a4b5c558e074e997aecf802bedff,
        type: 3}
      propertyPath: m_SizeDelta.y
      value: 0
      objectReference: {fileID: 0}
    - target: {fileID: 7667235566229306193, guid: 90f0a4b5c558e074e997aecf802bedff,
        type: 3}
      propertyPath: m_AnchorMin.x
      value: 0
      objectReference: {fileID: 0}
    - target: {fileID: 7667235566229306193, guid: 90f0a4b5c558e074e997aecf802bedff,
        type: 3}
      propertyPath: m_AnchorMin.y
      value: 0
      objectReference: {fileID: 0}
    - target: {fileID: 7667235566229306193, guid: 90f0a4b5c558e074e997aecf802bedff,
        type: 3}
      propertyPath: m_AnchorMax.x
      value: 0
      objectReference: {fileID: 0}
    - target: {fileID: 7667235566229306193, guid: 90f0a4b5c558e074e997aecf802bedff,
        type: 3}
      propertyPath: m_AnchorMax.y
      value: 0
      objectReference: {fileID: 0}
    - target: {fileID: 7667235566229306193, guid: 90f0a4b5c558e074e997aecf802bedff,
        type: 3}
      propertyPath: m_Pivot.x
      value: 0
      objectReference: {fileID: 0}
    - target: {fileID: 7667235566229306193, guid: 90f0a4b5c558e074e997aecf802bedff,
        type: 3}
      propertyPath: m_Pivot.y
      value: 0
      objectReference: {fileID: 0}
    - target: {fileID: 1111044584261340065, guid: 90f0a4b5c558e074e997aecf802bedff,
        type: 3}
      propertyPath: m_havePropertiesChanged
      value: 1
      objectReference: {fileID: 0}
    - target: {fileID: 1111044584261340065, guid: 90f0a4b5c558e074e997aecf802bedff,
        type: 3}
      propertyPath: m_isInputParsingRequired
      value: 1
      objectReference: {fileID: 0}
    - target: {fileID: 1111044584817671404, guid: 90f0a4b5c558e074e997aecf802bedff,
        type: 3}
      propertyPath: m_TargetGraphic
      value: 
      objectReference: {fileID: 912189515}
    - target: {fileID: 1111044584817671404, guid: 90f0a4b5c558e074e997aecf802bedff,
        type: 3}
      propertyPath: m_OnClick.m_PersistentCalls.m_Calls.Array.data[0].m_Target
      value: 
      objectReference: {fileID: 1209415297}
    - target: {fileID: 1111044584817671404, guid: 90f0a4b5c558e074e997aecf802bedff,
        type: 3}
      propertyPath: m_OnClick.m_PersistentCalls.m_Calls.Array.data[0].m_MethodName
      value: ToggleMenu
      objectReference: {fileID: 0}
    - target: {fileID: 1111044584817671404, guid: 90f0a4b5c558e074e997aecf802bedff,
        type: 3}
      propertyPath: m_OnClick.m_PersistentCalls.m_Calls.Array.data[1].m_Target
      value: 
      objectReference: {fileID: 1209415297}
    - target: {fileID: 1111044584817671404, guid: 90f0a4b5c558e074e997aecf802bedff,
        type: 3}
      propertyPath: m_OnClick.m_PersistentCalls.m_Calls.Array.data[1].m_MethodName
      value: Toggle
      objectReference: {fileID: 0}
    - target: {fileID: 7667235565242288170, guid: 90f0a4b5c558e074e997aecf802bedff,
        type: 3}
      propertyPath: m_AnchorMin.x
      value: 1
      objectReference: {fileID: 0}
    - target: {fileID: 7667235565242288170, guid: 90f0a4b5c558e074e997aecf802bedff,
        type: 3}
      propertyPath: m_AnchorMin.y
      value: 0
      objectReference: {fileID: 0}
    - target: {fileID: 7667235565242288170, guid: 90f0a4b5c558e074e997aecf802bedff,
        type: 3}
      propertyPath: m_AnchorMax.x
      value: 1
      objectReference: {fileID: 0}
    - target: {fileID: 7667235565242288170, guid: 90f0a4b5c558e074e997aecf802bedff,
        type: 3}
      propertyPath: m_AnchorMax.y
      value: 0
      objectReference: {fileID: 0}
    - target: {fileID: 7667235565242288170, guid: 90f0a4b5c558e074e997aecf802bedff,
        type: 3}
      propertyPath: m_AnchoredPosition.x
      value: -124
      objectReference: {fileID: 0}
    - target: {fileID: 7667235565242288170, guid: 90f0a4b5c558e074e997aecf802bedff,
        type: 3}
      propertyPath: m_AnchoredPosition.y
      value: 127
      objectReference: {fileID: 0}
    - target: {fileID: 7282964563478696593, guid: 90f0a4b5c558e074e997aecf802bedff,
        type: 3}
      propertyPath: m_AnchoredPosition.y
      value: 15
      objectReference: {fileID: 0}
    - target: {fileID: 7667235564765754063, guid: 90f0a4b5c558e074e997aecf802bedff,
        type: 3}
      propertyPath: m_AnchorMin.y
      value: 0
      objectReference: {fileID: 0}
    - target: {fileID: 7667235564765754063, guid: 90f0a4b5c558e074e997aecf802bedff,
        type: 3}
      propertyPath: m_AnchorMax.y
      value: 0
      objectReference: {fileID: 0}
    - target: {fileID: 7667235564765754063, guid: 90f0a4b5c558e074e997aecf802bedff,
        type: 3}
      propertyPath: m_AnchoredPosition.y
      value: 148
      objectReference: {fileID: 0}
    - target: {fileID: 7667235565734133807, guid: 90f0a4b5c558e074e997aecf802bedff,
        type: 3}
      propertyPath: m_AnchorMin.x
      value: 0
      objectReference: {fileID: 0}
    - target: {fileID: 7667235565734133807, guid: 90f0a4b5c558e074e997aecf802bedff,
        type: 3}
      propertyPath: m_AnchorMin.y
      value: 0
      objectReference: {fileID: 0}
    - target: {fileID: 7667235565734133807, guid: 90f0a4b5c558e074e997aecf802bedff,
        type: 3}
      propertyPath: m_AnchorMax.x
      value: 0
      objectReference: {fileID: 0}
    - target: {fileID: 7667235565734133807, guid: 90f0a4b5c558e074e997aecf802bedff,
        type: 3}
      propertyPath: m_AnchorMax.y
      value: 0
      objectReference: {fileID: 0}
    - target: {fileID: 7667235565734133807, guid: 90f0a4b5c558e074e997aecf802bedff,
        type: 3}
      propertyPath: m_AnchoredPosition.x
      value: 122
      objectReference: {fileID: 0}
    - target: {fileID: 7667235565734133807, guid: 90f0a4b5c558e074e997aecf802bedff,
        type: 3}
      propertyPath: m_AnchoredPosition.y
      value: 126.30005
      objectReference: {fileID: 0}
    - target: {fileID: 5266689783233973628, guid: 90f0a4b5c558e074e997aecf802bedff,
        type: 3}
      propertyPath: m_AnchorMin.x
      value: 0
      objectReference: {fileID: 0}
    - target: {fileID: 5266689783233973628, guid: 90f0a4b5c558e074e997aecf802bedff,
        type: 3}
      propertyPath: m_AnchorMin.y
      value: 1
      objectReference: {fileID: 0}
    - target: {fileID: 5266689783233973628, guid: 90f0a4b5c558e074e997aecf802bedff,
        type: 3}
      propertyPath: m_AnchorMax.x
      value: 0
      objectReference: {fileID: 0}
    - target: {fileID: 5266689783233973628, guid: 90f0a4b5c558e074e997aecf802bedff,
        type: 3}
      propertyPath: m_AnchorMax.y
      value: 1
      objectReference: {fileID: 0}
    - target: {fileID: 5266689783233973628, guid: 90f0a4b5c558e074e997aecf802bedff,
        type: 3}
      propertyPath: m_AnchoredPosition.x
      value: 270
      objectReference: {fileID: 0}
    - target: {fileID: 5266689783233973628, guid: 90f0a4b5c558e074e997aecf802bedff,
        type: 3}
      propertyPath: m_AnchoredPosition.y
      value: -345
      objectReference: {fileID: 0}
    - target: {fileID: 1111044585167267951, guid: 90f0a4b5c558e074e997aecf802bedff,
        type: 3}
      propertyPath: m_AnchorMin.x
      value: 1
      objectReference: {fileID: 0}
    - target: {fileID: 1111044585167267951, guid: 90f0a4b5c558e074e997aecf802bedff,
        type: 3}
      propertyPath: m_AnchorMin.y
      value: 1
      objectReference: {fileID: 0}
    - target: {fileID: 1111044585167267951, guid: 90f0a4b5c558e074e997aecf802bedff,
        type: 3}
      propertyPath: m_AnchorMax.x
      value: 1
      objectReference: {fileID: 0}
    - target: {fileID: 1111044585167267951, guid: 90f0a4b5c558e074e997aecf802bedff,
        type: 3}
      propertyPath: m_AnchorMax.y
      value: 1
      objectReference: {fileID: 0}
    - target: {fileID: 1111044585167267951, guid: 90f0a4b5c558e074e997aecf802bedff,
        type: 3}
      propertyPath: m_AnchoredPosition.x
      value: -540
      objectReference: {fileID: 0}
    - target: {fileID: 1111044585167267951, guid: 90f0a4b5c558e074e997aecf802bedff,
        type: 3}
      propertyPath: m_AnchoredPosition.y
      value: -960
      objectReference: {fileID: 0}
    - target: {fileID: 7667235565677238071, guid: 90f0a4b5c558e074e997aecf802bedff,
        type: 3}
      propertyPath: m_AnchoredPosition.x
      value: -430
      objectReference: {fileID: 0}
    - target: {fileID: 7667235565677238071, guid: 90f0a4b5c558e074e997aecf802bedff,
        type: 3}
      propertyPath: m_AnchoredPosition.y
      value: 250
      objectReference: {fileID: 0}
    - target: {fileID: 7667235565566489728, guid: 90f0a4b5c558e074e997aecf802bedff,
        type: 3}
      propertyPath: m_AnchoredPosition.x
      value: 0
      objectReference: {fileID: 0}
    - target: {fileID: 7667235564685351058, guid: 90f0a4b5c558e074e997aecf802bedff,
        type: 3}
      propertyPath: m_AnchoredPosition.x
      value: 430
      objectReference: {fileID: 0}
    - target: {fileID: 7667235564685351058, guid: 90f0a4b5c558e074e997aecf802bedff,
        type: 3}
      propertyPath: m_AnchoredPosition.y
      value: 250
      objectReference: {fileID: 0}
    - target: {fileID: 7667235564987194902, guid: 90f0a4b5c558e074e997aecf802bedff,
        type: 3}
      propertyPath: m_AnchoredPosition.y
      value: -23
      objectReference: {fileID: 0}
    - target: {fileID: 7667235564987194902, guid: 90f0a4b5c558e074e997aecf802bedff,
        type: 3}
      propertyPath: m_AnchoredPosition.x
      value: 1
      objectReference: {fileID: 0}
    - target: {fileID: 7282964563478696594, guid: 90f0a4b5c558e074e997aecf802bedff,
        type: 3}
      propertyPath: m_OnClick.m_PersistentCalls.m_Calls.Array.data[0].m_Target
      value: 
      objectReference: {fileID: 1209415296}
    - target: {fileID: 7282964563478696594, guid: 90f0a4b5c558e074e997aecf802bedff,
        type: 3}
      propertyPath: m_OnClick.m_PersistentCalls.m_Calls.Array.data[0].m_MethodName
      value: LockIn
      objectReference: {fileID: 0}
    - target: {fileID: 7667235564693290577, guid: 90f0a4b5c558e074e997aecf802bedff,
        type: 3}
      propertyPath: m_IsActive
      value: 0
      objectReference: {fileID: 0}
    - target: {fileID: 7667235564765754050, guid: 90f0a4b5c558e074e997aecf802bedff,
        type: 3}
      propertyPath: m_Sprite
      value: 
      objectReference: {fileID: 21300000, guid: 6a5ebb3b65dd3854f9a5f15fbd22ef96,
        type: 3}
    - target: {fileID: 7667235564765754050, guid: 90f0a4b5c558e074e997aecf802bedff,
        type: 3}
      propertyPath: m_Color.a
      value: 1
      objectReference: {fileID: 0}
    - target: {fileID: 7667235564781364863, guid: 90f0a4b5c558e074e997aecf802bedff,
        type: 3}
      propertyPath: m_Name
      value: btnPreset_Removed
      objectReference: {fileID: 0}
    - target: {fileID: 7667235564781364863, guid: 90f0a4b5c558e074e997aecf802bedff,
        type: 3}
      propertyPath: m_IsActive
      value: 0
      objectReference: {fileID: 0}
    - target: {fileID: 7667235565242288172, guid: 90f0a4b5c558e074e997aecf802bedff,
        type: 3}
      propertyPath: m_Sprite
      value: 
      objectReference: {fileID: 21300000, guid: ad342a6ff33984446bc140de3b952479,
        type: 3}
    - target: {fileID: 7667235565242288174, guid: 90f0a4b5c558e074e997aecf802bedff,
        type: 3}
      propertyPath: onLongPress.m_PersistentCalls.m_Calls.Array.size
      value: 1
      objectReference: {fileID: 0}
    - target: {fileID: 7667235565734133793, guid: 90f0a4b5c558e074e997aecf802bedff,
        type: 3}
      propertyPath: m_Sprite
      value: 
      objectReference: {fileID: 21300000, guid: 5f7c4d532131b9f40aba4bd4e0e4c91a,
        type: 3}
    - target: {fileID: 7667235565734133792, guid: 90f0a4b5c558e074e997aecf802bedff,
        type: 3}
      propertyPath: m_OnClick.m_PersistentCalls.m_Calls.Array.data[0].m_Target
      value: 
      objectReference: {fileID: 1209415297}
    - target: {fileID: 7667235565734133792, guid: 90f0a4b5c558e074e997aecf802bedff,
        type: 3}
      propertyPath: m_OnClick.m_PersistentCalls.m_Calls.Array.data[0].m_MethodName
      value: ToggleMenu
      objectReference: {fileID: 0}
    - target: {fileID: 5266689782618462208, guid: 90f0a4b5c558e074e997aecf802bedff,
        type: 3}
      propertyPath: m_Sprite
      value: 
      objectReference: {fileID: 21300000, guid: 871775f6ff216ed4c94a154e0344c0f6,
        type: 3}
    - target: {fileID: 5266689782800080203, guid: 90f0a4b5c558e074e997aecf802bedff,
        type: 3}
      propertyPath: m_Sprite
      value: 
      objectReference: {fileID: 21300000, guid: 871775f6ff216ed4c94a154e0344c0f6,
        type: 3}
    - target: {fileID: 5266689783233973630, guid: 90f0a4b5c558e074e997aecf802bedff,
        type: 3}
      propertyPath: m_Sprite
      value: 
      objectReference: {fileID: 21300000, guid: 871775f6ff216ed4c94a154e0344c0f6,
        type: 3}
    - target: {fileID: 5266689783339923816, guid: 90f0a4b5c558e074e997aecf802bedff,
        type: 3}
      propertyPath: m_Sprite
      value: 
      objectReference: {fileID: 21300000, guid: 871775f6ff216ed4c94a154e0344c0f6,
        type: 3}
    - target: {fileID: 5266689783423075587, guid: 90f0a4b5c558e074e997aecf802bedff,
        type: 3}
      propertyPath: m_Sprite
      value: 
      objectReference: {fileID: 21300000, guid: 871775f6ff216ed4c94a154e0344c0f6,
        type: 3}
    - target: {fileID: 5266689783495252245, guid: 90f0a4b5c558e074e997aecf802bedff,
        type: 3}
      propertyPath: m_Sprite
      value: 
      objectReference: {fileID: 21300000, guid: 871775f6ff216ed4c94a154e0344c0f6,
        type: 3}
    - target: {fileID: 5266689783759097576, guid: 90f0a4b5c558e074e997aecf802bedff,
        type: 3}
      propertyPath: m_Sprite
      value: 
      objectReference: {fileID: 21300000, guid: 871775f6ff216ed4c94a154e0344c0f6,
        type: 3}
    - target: {fileID: 5266689783791612764, guid: 90f0a4b5c558e074e997aecf802bedff,
        type: 3}
      propertyPath: m_Sprite
      value: 
      objectReference: {fileID: 21300000, guid: 871775f6ff216ed4c94a154e0344c0f6,
        type: 3}
    - target: {fileID: 5266689784036823237, guid: 90f0a4b5c558e074e997aecf802bedff,
        type: 3}
      propertyPath: m_Sprite
      value: 
      objectReference: {fileID: 21300000, guid: 871775f6ff216ed4c94a154e0344c0f6,
        type: 3}
    - target: {fileID: 5266689784052967203, guid: 90f0a4b5c558e074e997aecf802bedff,
        type: 3}
      propertyPath: m_Sprite
      value: 
      objectReference: {fileID: 21300000, guid: 871775f6ff216ed4c94a154e0344c0f6,
        type: 3}
    - target: {fileID: 5266689784096687924, guid: 90f0a4b5c558e074e997aecf802bedff,
        type: 3}
      propertyPath: m_Sprite
      value: 
      objectReference: {fileID: 21300000, guid: 871775f6ff216ed4c94a154e0344c0f6,
        type: 3}
    - target: {fileID: 5266689784101739498, guid: 90f0a4b5c558e074e997aecf802bedff,
        type: 3}
      propertyPath: m_Sprite
      value: 
      objectReference: {fileID: 21300000, guid: 871775f6ff216ed4c94a154e0344c0f6,
        type: 3}
    - target: {fileID: 5266689784436787112, guid: 90f0a4b5c558e074e997aecf802bedff,
        type: 3}
      propertyPath: m_Sprite
      value: 
      objectReference: {fileID: 21300000, guid: 871775f6ff216ed4c94a154e0344c0f6,
        type: 3}
    - target: {fileID: 5266689784583463684, guid: 90f0a4b5c558e074e997aecf802bedff,
        type: 3}
      propertyPath: m_Sprite
      value: 
      objectReference: {fileID: 21300000, guid: 871775f6ff216ed4c94a154e0344c0f6,
        type: 3}
    - target: {fileID: 5266689784611543637, guid: 90f0a4b5c558e074e997aecf802bedff,
        type: 3}
      propertyPath: m_Sprite
      value: 
      objectReference: {fileID: 21300000, guid: 871775f6ff216ed4c94a154e0344c0f6,
        type: 3}
    - target: {fileID: 7667235564685351060, guid: 90f0a4b5c558e074e997aecf802bedff,
        type: 3}
      propertyPath: m_Sprite
      value: 
      objectReference: {fileID: 21300000, guid: a522d943b1e9a6746b9a90430924d021,
        type: 3}
    - target: {fileID: 7667235564987194903, guid: 90f0a4b5c558e074e997aecf802bedff,
        type: 3}
      propertyPath: m_FontData.m_FontSize
      value: 150
      objectReference: {fileID: 0}
    - target: {fileID: 7667235564987194903, guid: 90f0a4b5c558e074e997aecf802bedff,
        type: 3}
      propertyPath: m_FontData.m_MaxSize
      value: 150
      objectReference: {fileID: 0}
    - target: {fileID: 7667235564987194903, guid: 90f0a4b5c558e074e997aecf802bedff,
        type: 3}
      propertyPath: m_FontData.m_BestFit
      value: 0
      objectReference: {fileID: 0}
    - target: {fileID: 7667235564987194903, guid: 90f0a4b5c558e074e997aecf802bedff,
        type: 3}
      propertyPath: m_Color.r
      value: 0
      objectReference: {fileID: 0}
    - target: {fileID: 7667235564987194903, guid: 90f0a4b5c558e074e997aecf802bedff,
        type: 3}
      propertyPath: m_Color.g
      value: 0
      objectReference: {fileID: 0}
    - target: {fileID: 7667235564987194903, guid: 90f0a4b5c558e074e997aecf802bedff,
        type: 3}
      propertyPath: m_Color.b
      value: 0
      objectReference: {fileID: 0}
    - target: {fileID: 7667235565566489730, guid: 90f0a4b5c558e074e997aecf802bedff,
        type: 3}
      propertyPath: m_Sprite
      value: 
      objectReference: {fileID: 21300000, guid: dfa0b2ac59b007c4c813b209a26143a8,
        type: 3}
    - target: {fileID: 7667235565677238089, guid: 90f0a4b5c558e074e997aecf802bedff,
        type: 3}
      propertyPath: m_Sprite
      value: 
      objectReference: {fileID: 21300000, guid: b6c6f4984eb00de479d4653781d53319,
        type: 3}
    - target: {fileID: 5581078459743598850, guid: 90f0a4b5c558e074e997aecf802bedff,
        type: 3}
      propertyPath: m_Color.r
      value: 0.7264151
      objectReference: {fileID: 0}
    - target: {fileID: 5581078459743598850, guid: 90f0a4b5c558e074e997aecf802bedff,
        type: 3}
      propertyPath: m_Color.g
      value: 0.7264151
      objectReference: {fileID: 0}
    - target: {fileID: 5581078459743598850, guid: 90f0a4b5c558e074e997aecf802bedff,
        type: 3}
      propertyPath: m_Color.b
      value: 0.7264151
      objectReference: {fileID: 0}
    - target: {fileID: 8871241750615721120, guid: 90f0a4b5c558e074e997aecf802bedff,
        type: 3}
      propertyPath: m_Color.r
      value: 0.7264151
      objectReference: {fileID: 0}
    - target: {fileID: 8871241750615721120, guid: 90f0a4b5c558e074e997aecf802bedff,
        type: 3}
      propertyPath: m_Color.g
      value: 0.7264151
      objectReference: {fileID: 0}
    - target: {fileID: 8871241750615721120, guid: 90f0a4b5c558e074e997aecf802bedff,
        type: 3}
      propertyPath: m_Color.b
      value: 0.7264151
      objectReference: {fileID: 0}
    - target: {fileID: 5693331235009284673, guid: 90f0a4b5c558e074e997aecf802bedff,
        type: 3}
      propertyPath: m_Color.r
      value: 0.7264151
      objectReference: {fileID: 0}
    - target: {fileID: 5693331235009284673, guid: 90f0a4b5c558e074e997aecf802bedff,
        type: 3}
      propertyPath: m_Color.g
      value: 0.7264151
      objectReference: {fileID: 0}
    - target: {fileID: 5693331235009284673, guid: 90f0a4b5c558e074e997aecf802bedff,
        type: 3}
      propertyPath: m_Color.b
      value: 0.7264151
      objectReference: {fileID: 0}
    - target: {fileID: 8230906737619706969, guid: 90f0a4b5c558e074e997aecf802bedff,
        type: 3}
      propertyPath: m_Color.r
      value: 0.7264151
      objectReference: {fileID: 0}
    - target: {fileID: 8230906737619706969, guid: 90f0a4b5c558e074e997aecf802bedff,
        type: 3}
      propertyPath: m_Color.g
      value: 0.7264151
      objectReference: {fileID: 0}
    - target: {fileID: 8230906737619706969, guid: 90f0a4b5c558e074e997aecf802bedff,
        type: 3}
      propertyPath: m_Color.b
      value: 0.7264151
      objectReference: {fileID: 0}
    - target: {fileID: 1538643494925963084, guid: 90f0a4b5c558e074e997aecf802bedff,
        type: 3}
      propertyPath: m_Color.r
      value: 0.7264151
      objectReference: {fileID: 0}
    - target: {fileID: 1538643494925963084, guid: 90f0a4b5c558e074e997aecf802bedff,
        type: 3}
      propertyPath: m_Color.g
      value: 0.7264151
      objectReference: {fileID: 0}
    - target: {fileID: 1538643494925963084, guid: 90f0a4b5c558e074e997aecf802bedff,
        type: 3}
      propertyPath: m_Color.b
      value: 0.7264151
      objectReference: {fileID: 0}
    - target: {fileID: 4985030187945863432, guid: 90f0a4b5c558e074e997aecf802bedff,
        type: 3}
      propertyPath: m_Color.r
      value: 0.7264151
      objectReference: {fileID: 0}
    - target: {fileID: 4985030187945863432, guid: 90f0a4b5c558e074e997aecf802bedff,
        type: 3}
      propertyPath: m_Color.g
      value: 0.7264151
      objectReference: {fileID: 0}
    - target: {fileID: 4985030187945863432, guid: 90f0a4b5c558e074e997aecf802bedff,
        type: 3}
      propertyPath: m_Color.b
      value: 0.7264151
      objectReference: {fileID: 0}
    - target: {fileID: 8631434269674159327, guid: 90f0a4b5c558e074e997aecf802bedff,
        type: 3}
      propertyPath: m_Color.r
      value: 0.7264151
      objectReference: {fileID: 0}
    - target: {fileID: 8631434269674159327, guid: 90f0a4b5c558e074e997aecf802bedff,
        type: 3}
      propertyPath: m_Color.g
      value: 0.7264151
      objectReference: {fileID: 0}
    - target: {fileID: 8631434269674159327, guid: 90f0a4b5c558e074e997aecf802bedff,
        type: 3}
      propertyPath: m_Color.b
      value: 0.7264151
      objectReference: {fileID: 0}
    - target: {fileID: 1841392270288233765, guid: 90f0a4b5c558e074e997aecf802bedff,
        type: 3}
      propertyPath: m_Color.r
      value: 0.7264151
      objectReference: {fileID: 0}
    - target: {fileID: 1841392270288233765, guid: 90f0a4b5c558e074e997aecf802bedff,
        type: 3}
      propertyPath: m_Color.g
      value: 0.7264151
      objectReference: {fileID: 0}
    - target: {fileID: 1841392270288233765, guid: 90f0a4b5c558e074e997aecf802bedff,
        type: 3}
      propertyPath: m_Color.b
      value: 0.7264151
      objectReference: {fileID: 0}
    - target: {fileID: 4867129810418730905, guid: 90f0a4b5c558e074e997aecf802bedff,
        type: 3}
      propertyPath: m_Color.r
      value: 0.7264151
      objectReference: {fileID: 0}
    - target: {fileID: 4867129810418730905, guid: 90f0a4b5c558e074e997aecf802bedff,
        type: 3}
      propertyPath: m_Color.g
      value: 0.7264151
      objectReference: {fileID: 0}
    - target: {fileID: 4867129810418730905, guid: 90f0a4b5c558e074e997aecf802bedff,
        type: 3}
      propertyPath: m_Color.b
      value: 0.7264151
      objectReference: {fileID: 0}
    - target: {fileID: 7343939156385193734, guid: 90f0a4b5c558e074e997aecf802bedff,
        type: 3}
      propertyPath: m_Color.r
      value: 0.7264151
      objectReference: {fileID: 0}
    - target: {fileID: 7343939156385193734, guid: 90f0a4b5c558e074e997aecf802bedff,
        type: 3}
      propertyPath: m_Color.g
      value: 0.7264151
      objectReference: {fileID: 0}
    - target: {fileID: 7343939156385193734, guid: 90f0a4b5c558e074e997aecf802bedff,
        type: 3}
      propertyPath: m_Color.b
      value: 0.7264151
      objectReference: {fileID: 0}
    - target: {fileID: 5902404464117623125, guid: 90f0a4b5c558e074e997aecf802bedff,
        type: 3}
      propertyPath: m_Color.r
      value: 0.7264151
      objectReference: {fileID: 0}
    - target: {fileID: 5902404464117623125, guid: 90f0a4b5c558e074e997aecf802bedff,
        type: 3}
      propertyPath: m_Color.g
      value: 0.7264151
      objectReference: {fileID: 0}
    - target: {fileID: 5902404464117623125, guid: 90f0a4b5c558e074e997aecf802bedff,
        type: 3}
      propertyPath: m_Color.b
      value: 0.7264151
      objectReference: {fileID: 0}
    - target: {fileID: 5266689782570500229, guid: 90f0a4b5c558e074e997aecf802bedff,
        type: 3}
      propertyPath: m_Color.r
      value: 0
      objectReference: {fileID: 0}
    - target: {fileID: 5266689782570500229, guid: 90f0a4b5c558e074e997aecf802bedff,
        type: 3}
      propertyPath: m_Color.g
      value: 0.63529414
      objectReference: {fileID: 0}
    - target: {fileID: 5266689782570500229, guid: 90f0a4b5c558e074e997aecf802bedff,
        type: 3}
      propertyPath: m_Color.b
      value: 0.85882354
      objectReference: {fileID: 0}
    - target: {fileID: 5266689782729543626, guid: 90f0a4b5c558e074e997aecf802bedff,
        type: 3}
      propertyPath: m_Color.r
      value: 0
      objectReference: {fileID: 0}
    - target: {fileID: 5266689782729543626, guid: 90f0a4b5c558e074e997aecf802bedff,
        type: 3}
      propertyPath: m_Color.g
      value: 0.63529414
      objectReference: {fileID: 0}
    - target: {fileID: 5266689782729543626, guid: 90f0a4b5c558e074e997aecf802bedff,
        type: 3}
      propertyPath: m_Color.b
      value: 0.85882354
      objectReference: {fileID: 0}
    - target: {fileID: 5266689782764774446, guid: 90f0a4b5c558e074e997aecf802bedff,
        type: 3}
      propertyPath: m_Color.r
      value: 0
      objectReference: {fileID: 0}
    - target: {fileID: 5266689782764774446, guid: 90f0a4b5c558e074e997aecf802bedff,
        type: 3}
      propertyPath: m_Color.g
      value: 0.63529414
      objectReference: {fileID: 0}
    - target: {fileID: 5266689782764774446, guid: 90f0a4b5c558e074e997aecf802bedff,
        type: 3}
      propertyPath: m_Color.b
      value: 0.85882354
      objectReference: {fileID: 0}
    - target: {fileID: 5266689782790043156, guid: 90f0a4b5c558e074e997aecf802bedff,
        type: 3}
      propertyPath: m_Color.r
      value: 0
      objectReference: {fileID: 0}
    - target: {fileID: 5266689782790043156, guid: 90f0a4b5c558e074e997aecf802bedff,
        type: 3}
      propertyPath: m_Color.g
      value: 0.63529414
      objectReference: {fileID: 0}
    - target: {fileID: 5266689782790043156, guid: 90f0a4b5c558e074e997aecf802bedff,
        type: 3}
      propertyPath: m_Color.b
      value: 0.85882354
      objectReference: {fileID: 0}
    - target: {fileID: 5266689782835512431, guid: 90f0a4b5c558e074e997aecf802bedff,
        type: 3}
      propertyPath: m_Color.r
      value: 0
      objectReference: {fileID: 0}
    - target: {fileID: 5266689782835512431, guid: 90f0a4b5c558e074e997aecf802bedff,
        type: 3}
      propertyPath: m_Color.g
      value: 0.63529414
      objectReference: {fileID: 0}
    - target: {fileID: 5266689782835512431, guid: 90f0a4b5c558e074e997aecf802bedff,
        type: 3}
      propertyPath: m_Color.b
      value: 0.85882354
      objectReference: {fileID: 0}
    - target: {fileID: 5266689783050003458, guid: 90f0a4b5c558e074e997aecf802bedff,
        type: 3}
      propertyPath: m_Color.r
      value: 0
      objectReference: {fileID: 0}
    - target: {fileID: 5266689783050003458, guid: 90f0a4b5c558e074e997aecf802bedff,
        type: 3}
      propertyPath: m_Color.g
      value: 0.63529414
      objectReference: {fileID: 0}
    - target: {fileID: 5266689783050003458, guid: 90f0a4b5c558e074e997aecf802bedff,
        type: 3}
      propertyPath: m_Color.b
      value: 0.85882354
      objectReference: {fileID: 0}
    - target: {fileID: 5266689783370550450, guid: 90f0a4b5c558e074e997aecf802bedff,
        type: 3}
      propertyPath: m_Color.r
      value: 0
      objectReference: {fileID: 0}
    - target: {fileID: 5266689783370550450, guid: 90f0a4b5c558e074e997aecf802bedff,
        type: 3}
      propertyPath: m_Color.g
      value: 0.63529414
      objectReference: {fileID: 0}
    - target: {fileID: 5266689783370550450, guid: 90f0a4b5c558e074e997aecf802bedff,
        type: 3}
      propertyPath: m_Color.b
      value: 0.85882354
      objectReference: {fileID: 0}
    - target: {fileID: 5266689783761692671, guid: 90f0a4b5c558e074e997aecf802bedff,
        type: 3}
      propertyPath: m_Color.r
      value: 0
      objectReference: {fileID: 0}
    - target: {fileID: 5266689783761692671, guid: 90f0a4b5c558e074e997aecf802bedff,
        type: 3}
      propertyPath: m_Color.g
      value: 0.63529414
      objectReference: {fileID: 0}
    - target: {fileID: 5266689783761692671, guid: 90f0a4b5c558e074e997aecf802bedff,
        type: 3}
      propertyPath: m_Color.b
      value: 0.85882354
      objectReference: {fileID: 0}
    - target: {fileID: 5266689783825663818, guid: 90f0a4b5c558e074e997aecf802bedff,
        type: 3}
      propertyPath: m_Color.r
      value: 0
      objectReference: {fileID: 0}
    - target: {fileID: 5266689783825663818, guid: 90f0a4b5c558e074e997aecf802bedff,
        type: 3}
      propertyPath: m_Color.g
      value: 0.63529414
      objectReference: {fileID: 0}
    - target: {fileID: 5266689783825663818, guid: 90f0a4b5c558e074e997aecf802bedff,
        type: 3}
      propertyPath: m_Color.b
      value: 0.85882354
      objectReference: {fileID: 0}
    - target: {fileID: 5266689783861484454, guid: 90f0a4b5c558e074e997aecf802bedff,
        type: 3}
      propertyPath: m_Color.r
      value: 0
      objectReference: {fileID: 0}
    - target: {fileID: 5266689783861484454, guid: 90f0a4b5c558e074e997aecf802bedff,
        type: 3}
      propertyPath: m_Color.g
      value: 0.63529414
      objectReference: {fileID: 0}
    - target: {fileID: 5266689783861484454, guid: 90f0a4b5c558e074e997aecf802bedff,
        type: 3}
      propertyPath: m_Color.b
      value: 0.85882354
      objectReference: {fileID: 0}
    - target: {fileID: 5266689784287760532, guid: 90f0a4b5c558e074e997aecf802bedff,
        type: 3}
      propertyPath: m_Color.r
      value: 0
      objectReference: {fileID: 0}
    - target: {fileID: 5266689784287760532, guid: 90f0a4b5c558e074e997aecf802bedff,
        type: 3}
      propertyPath: m_Color.g
      value: 0.63529414
      objectReference: {fileID: 0}
    - target: {fileID: 5266689784287760532, guid: 90f0a4b5c558e074e997aecf802bedff,
        type: 3}
      propertyPath: m_Color.b
      value: 0.85882354
      objectReference: {fileID: 0}
    - target: {fileID: 5266689784397861684, guid: 90f0a4b5c558e074e997aecf802bedff,
        type: 3}
      propertyPath: m_Color.r
      value: 0
      objectReference: {fileID: 0}
    - target: {fileID: 5266689784397861684, guid: 90f0a4b5c558e074e997aecf802bedff,
        type: 3}
      propertyPath: m_Color.g
      value: 0.63529414
      objectReference: {fileID: 0}
    - target: {fileID: 5266689784397861684, guid: 90f0a4b5c558e074e997aecf802bedff,
        type: 3}
      propertyPath: m_Color.b
      value: 0.85882354
      objectReference: {fileID: 0}
    - target: {fileID: 5266689784423574689, guid: 90f0a4b5c558e074e997aecf802bedff,
        type: 3}
      propertyPath: m_Color.r
      value: 0
      objectReference: {fileID: 0}
    - target: {fileID: 5266689784423574689, guid: 90f0a4b5c558e074e997aecf802bedff,
        type: 3}
      propertyPath: m_Color.g
      value: 0.63529414
      objectReference: {fileID: 0}
    - target: {fileID: 5266689784423574689, guid: 90f0a4b5c558e074e997aecf802bedff,
        type: 3}
      propertyPath: m_Color.b
      value: 0.85882354
      objectReference: {fileID: 0}
    - target: {fileID: 5266689784512112908, guid: 90f0a4b5c558e074e997aecf802bedff,
        type: 3}
      propertyPath: m_Color.r
      value: 0
      objectReference: {fileID: 0}
    - target: {fileID: 5266689784512112908, guid: 90f0a4b5c558e074e997aecf802bedff,
        type: 3}
      propertyPath: m_Color.g
      value: 0.63529414
      objectReference: {fileID: 0}
    - target: {fileID: 5266689784512112908, guid: 90f0a4b5c558e074e997aecf802bedff,
        type: 3}
      propertyPath: m_Color.b
      value: 0.85882354
      objectReference: {fileID: 0}
    - target: {fileID: 5266689784556124707, guid: 90f0a4b5c558e074e997aecf802bedff,
        type: 3}
      propertyPath: m_Color.r
      value: 0
      objectReference: {fileID: 0}
    - target: {fileID: 5266689784556124707, guid: 90f0a4b5c558e074e997aecf802bedff,
        type: 3}
      propertyPath: m_Color.g
      value: 0.63529414
      objectReference: {fileID: 0}
    - target: {fileID: 5266689784556124707, guid: 90f0a4b5c558e074e997aecf802bedff,
        type: 3}
      propertyPath: m_Color.b
      value: 0.85882354
      objectReference: {fileID: 0}
    - target: {fileID: 2259632623813311336, guid: 90f0a4b5c558e074e997aecf802bedff,
        type: 3}
      propertyPath: m_Color.r
      value: 0.7264151
      objectReference: {fileID: 0}
    - target: {fileID: 2259632623813311336, guid: 90f0a4b5c558e074e997aecf802bedff,
        type: 3}
      propertyPath: m_Color.g
      value: 0.7264151
      objectReference: {fileID: 0}
    - target: {fileID: 2259632623813311336, guid: 90f0a4b5c558e074e997aecf802bedff,
        type: 3}
      propertyPath: m_Color.b
      value: 0.7264151
      objectReference: {fileID: 0}
    - target: {fileID: 6134126006883148570, guid: 90f0a4b5c558e074e997aecf802bedff,
        type: 3}
      propertyPath: m_Color.r
      value: 0.7264151
      objectReference: {fileID: 0}
    - target: {fileID: 6134126006883148570, guid: 90f0a4b5c558e074e997aecf802bedff,
        type: 3}
      propertyPath: m_Color.g
      value: 0.7264151
      objectReference: {fileID: 0}
    - target: {fileID: 6134126006883148570, guid: 90f0a4b5c558e074e997aecf802bedff,
        type: 3}
      propertyPath: m_Color.b
      value: 0.7264151
      objectReference: {fileID: 0}
    - target: {fileID: 925593211800075294, guid: 90f0a4b5c558e074e997aecf802bedff,
        type: 3}
      propertyPath: m_Color.r
      value: 0.7264151
      objectReference: {fileID: 0}
    - target: {fileID: 925593211800075294, guid: 90f0a4b5c558e074e997aecf802bedff,
        type: 3}
      propertyPath: m_Color.g
      value: 0.7264151
      objectReference: {fileID: 0}
    - target: {fileID: 925593211800075294, guid: 90f0a4b5c558e074e997aecf802bedff,
        type: 3}
      propertyPath: m_Color.b
      value: 0.7264151
      objectReference: {fileID: 0}
    - target: {fileID: 2937029966877542145, guid: 90f0a4b5c558e074e997aecf802bedff,
        type: 3}
      propertyPath: m_Color.r
      value: 0.7264151
      objectReference: {fileID: 0}
    - target: {fileID: 2937029966877542145, guid: 90f0a4b5c558e074e997aecf802bedff,
        type: 3}
      propertyPath: m_Color.g
      value: 0.7264151
      objectReference: {fileID: 0}
    - target: {fileID: 2937029966877542145, guid: 90f0a4b5c558e074e997aecf802bedff,
        type: 3}
      propertyPath: m_Color.b
      value: 0.7264151
      objectReference: {fileID: 0}
    m_RemovedComponents: []
  m_SourcePrefab: {fileID: 100100000, guid: 90f0a4b5c558e074e997aecf802bedff, type: 3}
--- !u!114 &912189515 stripped
MonoBehaviour:
  m_CorrespondingSourceObject: {fileID: 1111044584817671407, guid: 90f0a4b5c558e074e997aecf802bedff,
    type: 3}
  m_PrefabInstance: {fileID: 912189513}
  m_PrefabAsset: {fileID: 0}
  m_GameObject: {fileID: 0}
  m_Enabled: 1
  m_EditorHideFlags: 0
  m_Script: {fileID: -765806418, guid: f70555f144d8491a825f0804e09c671c, type: 3}
  m_Name: 
  m_EditorClassIdentifier: 
--- !u!1 &1169492973
GameObject:
  m_ObjectHideFlags: 0
  m_CorrespondingSourceObject: {fileID: 0}
  m_PrefabInstance: {fileID: 0}
  m_PrefabAsset: {fileID: 0}
  serializedVersion: 6
  m_Component:
  - component: {fileID: 1169492975}
  - component: {fileID: 1169492974}
  m_Layer: 0
  m_Name: AR Session
  m_TagString: Untagged
  m_Icon: {fileID: 0}
  m_NavMeshLayer: 0
  m_StaticEditorFlags: 0
  m_IsActive: 1
--- !u!114 &1169492974
MonoBehaviour:
  m_ObjectHideFlags: 0
  m_CorrespondingSourceObject: {fileID: 0}
  m_PrefabInstance: {fileID: 0}
  m_PrefabAsset: {fileID: 0}
  m_GameObject: {fileID: 1169492973}
  m_Enabled: 1
  m_EditorHideFlags: 0
  m_Script: {fileID: 11500000, guid: 3859a92a05d4f5d418cb6ca605290e74, type: 3}
  m_Name: 
  m_EditorClassIdentifier: 
  m_AttemptUpdate: 1
--- !u!4 &1169492975
Transform:
  m_ObjectHideFlags: 0
  m_CorrespondingSourceObject: {fileID: 0}
  m_PrefabInstance: {fileID: 0}
  m_PrefabAsset: {fileID: 0}
  m_GameObject: {fileID: 1169492973}
  m_LocalRotation: {x: 0, y: 0, z: 0, w: 1}
  m_LocalPosition: {x: 0, y: 0, z: 0}
  m_LocalScale: {x: 1, y: 1, z: 1}
  m_Children: []
  m_Father: {fileID: 0}
  m_RootOrder: 1
  m_LocalEulerAnglesHint: {x: 0, y: 0, z: 0}
--- !u!1 &1209415290
GameObject:
  m_ObjectHideFlags: 0
  m_CorrespondingSourceObject: {fileID: 0}
  m_PrefabInstance: {fileID: 0}
  m_PrefabAsset: {fileID: 0}
  serializedVersion: 6
  m_Component:
  - component: {fileID: 1209415291}
  - component: {fileID: 1209415292}
  - component: {fileID: 1209415294}
  - component: {fileID: 1209415293}
  - component: {fileID: 1209415295}
  - component: {fileID: 1209415296}
  - component: {fileID: 1209415297}
  m_Layer: 0
  m_Name: AR Session Origin (Controller)
  m_TagString: Untagged
  m_Icon: {fileID: 0}
  m_NavMeshLayer: 0
  m_StaticEditorFlags: 0
  m_IsActive: 1
--- !u!4 &1209415291
Transform:
  m_ObjectHideFlags: 0
  m_CorrespondingSourceObject: {fileID: 0}
  m_PrefabInstance: {fileID: 0}
  m_PrefabAsset: {fileID: 0}
  m_GameObject: {fileID: 1209415290}
  m_LocalRotation: {x: 0, y: 0, z: 0, w: 1}
  m_LocalPosition: {x: 0, y: 0, z: 0}
  m_LocalScale: {x: 1, y: 1, z: 1}
  m_Children:
  - {fileID: 1690118755}
  m_Father: {fileID: 0}
  m_RootOrder: 2
  m_LocalEulerAnglesHint: {x: 0, y: 0, z: 0}
--- !u!114 &1209415292
MonoBehaviour:
  m_ObjectHideFlags: 0
  m_CorrespondingSourceObject: {fileID: 0}
  m_PrefabInstance: {fileID: 0}
  m_PrefabAsset: {fileID: 0}
  m_GameObject: {fileID: 1209415290}
  m_Enabled: 1
  m_EditorHideFlags: 0
  m_Script: {fileID: 11500000, guid: 520bb47c46cf8624fafb307b7d1b862a, type: 3}
  m_Name: 
  m_EditorClassIdentifier: 
  m_Camera: {fileID: 1690118757}
--- !u!114 &1209415293
MonoBehaviour:
  m_ObjectHideFlags: 0
  m_CorrespondingSourceObject: {fileID: 0}
  m_PrefabInstance: {fileID: 0}
  m_PrefabAsset: {fileID: 0}
  m_GameObject: {fileID: 1209415290}
  m_Enabled: 1
  m_EditorHideFlags: 0
  m_Script: {fileID: 11500000, guid: 728ad7fae8e460a4ba41265c7308d757, type: 3}
  m_Name: 
  m_EditorClassIdentifier: 
  m_ReferencePointPrefab: {fileID: 0}
--- !u!114 &1209415294
MonoBehaviour:
  m_ObjectHideFlags: 0
  m_CorrespondingSourceObject: {fileID: 0}
  m_PrefabInstance: {fileID: 0}
  m_PrefabAsset: {fileID: 0}
  m_GameObject: {fileID: 1209415290}
  m_Enabled: 1
  m_EditorHideFlags: 0
  m_Script: {fileID: 11500000, guid: e1760703bbd54c04488a8d10600262ab, type: 3}
  m_Name: 
  m_EditorClassIdentifier: 
  m_PlanePrefab: {fileID: 989408773826675995, guid: bfd970b66d6d2684391eb91b60bf5758,
    type: 3}
  m_DetectionFlags: -1
--- !u!114 &1209415295
MonoBehaviour:
  m_ObjectHideFlags: 0
  m_CorrespondingSourceObject: {fileID: 0}
  m_PrefabInstance: {fileID: 0}
  m_PrefabAsset: {fileID: 0}
  m_GameObject: {fileID: 1209415290}
  m_Enabled: 1
  m_EditorHideFlags: 0
  m_Script: {fileID: 11500000, guid: 7ab0e80cee9cc1d44928bfe488dd1e2d, type: 3}
  m_Name: 
  m_EditorClassIdentifier: 
  m_PointCloudPrefab: {fileID: 3678218996705327204, guid: 4928f78bdaaf5d44d9d1eef9d29c2985,
    type: 3}
--- !u!114 &1209415296
MonoBehaviour:
  m_ObjectHideFlags: 0
  m_CorrespondingSourceObject: {fileID: 0}
  m_PrefabInstance: {fileID: 0}
  m_PrefabAsset: {fileID: 0}
  m_GameObject: {fileID: 1209415290}
  m_Enabled: 1
  m_EditorHideFlags: 0
  m_Script: {fileID: 11500000, guid: 6dedb0e39c480cc448f5c889a7cfa7cd, type: 3}
  m_Name: 
  m_EditorClassIdentifier: 
  m_PlacedPrefab: {fileID: 6409471031134481874, guid: 4407314bb1c1a9a4f82a0d8584c25dde,
    type: 3}
  SelectedPrefab: {fileID: 0}
  ConePrefab: {fileID: 0}
  RingPrefab: {fileID: 0}
  BarrierPrefab: {fileID: 0}
  SelectionValue: 0
  CurrentSelectionValue: 0
  IgnoreTouchVar: 0
  CenterPointPlace: 0
  CenterPointPrefab: {fileID: 0}
  LockPrefab: {fileID: 0}
--- !u!114 &1209415297
MonoBehaviour:
  m_ObjectHideFlags: 0
  m_CorrespondingSourceObject: {fileID: 0}
  m_PrefabInstance: {fileID: 0}
  m_PrefabAsset: {fileID: 0}
  m_GameObject: {fileID: 1209415290}
  m_Enabled: 1
  m_EditorHideFlags: 0
  m_Script: {fileID: 11500000, guid: 9de06fa155554864c8e2f9bbb9a2806f, type: 3}
  m_Name: 
  m_EditorClassIdentifier: 
  panelPos: {x: 0, y: 0, z: 0}
  targetPos: {x: 0, y: 0, z: 0}
  panel: {fileID: 299558545}
  panelTarget: {fileID: 0}
  openPos: 0
  closePos: 1080
  openPosMenu: 540
  closePosMenu: -540
  toggle: 0
  toggleMenu: 0
  panelMenu: {fileID: 13429195}
--- !u!1 &1266366520
GameObject:
  m_ObjectHideFlags: 0
  m_CorrespondingSourceObject: {fileID: 0}
  m_PrefabInstance: {fileID: 0}
  m_PrefabAsset: {fileID: 0}
  serializedVersion: 6
  m_Component:
  - component: {fileID: 1266366523}
  - component: {fileID: 1266366522}
  - component: {fileID: 1266366521}
  m_Layer: 0
  m_Name: EventSystem
  m_TagString: Untagged
  m_Icon: {fileID: 0}
  m_NavMeshLayer: 0
  m_StaticEditorFlags: 0
  m_IsActive: 1
--- !u!114 &1266366521
MonoBehaviour:
  m_ObjectHideFlags: 0
  m_CorrespondingSourceObject: {fileID: 0}
  m_PrefabInstance: {fileID: 0}
  m_PrefabAsset: {fileID: 0}
  m_GameObject: {fileID: 1266366520}
  m_Enabled: 1
  m_EditorHideFlags: 0
  m_Script: {fileID: 1077351063, guid: f70555f144d8491a825f0804e09c671c, type: 3}
  m_Name: 
  m_EditorClassIdentifier: 
  m_HorizontalAxis: Horizontal
  m_VerticalAxis: Vertical
  m_SubmitButton: Submit
  m_CancelButton: Cancel
  m_InputActionsPerSecond: 10
  m_RepeatDelay: 0.5
  m_ForceModuleActive: 0
--- !u!114 &1266366522
MonoBehaviour:
  m_ObjectHideFlags: 0
  m_CorrespondingSourceObject: {fileID: 0}
  m_PrefabInstance: {fileID: 0}
  m_PrefabAsset: {fileID: 0}
  m_GameObject: {fileID: 1266366520}
  m_Enabled: 1
  m_EditorHideFlags: 0
  m_Script: {fileID: -619905303, guid: f70555f144d8491a825f0804e09c671c, type: 3}
  m_Name: 
  m_EditorClassIdentifier: 
  m_FirstSelected: {fileID: 0}
  m_sendNavigationEvents: 1
  m_DragThreshold: 10
--- !u!4 &1266366523
Transform:
  m_ObjectHideFlags: 0
  m_CorrespondingSourceObject: {fileID: 0}
  m_PrefabInstance: {fileID: 0}
  m_PrefabAsset: {fileID: 0}
  m_GameObject: {fileID: 1266366520}
  m_LocalRotation: {x: 0, y: 0, z: 0, w: 1}
  m_LocalPosition: {x: 0, y: 0, z: 0}
  m_LocalScale: {x: 1, y: 1, z: 1}
  m_Children: []
  m_Father: {fileID: 0}
  m_RootOrder: 3
  m_LocalEulerAnglesHint: {x: 0, y: 0, z: 0}
--- !u!1 &1500582810
GameObject:
  m_ObjectHideFlags: 0
  m_CorrespondingSourceObject: {fileID: 0}
  m_PrefabInstance: {fileID: 0}
  m_PrefabAsset: {fileID: 0}
  serializedVersion: 6
  m_Component:
  - component: {fileID: 1500582813}
  - component: {fileID: 1500582812}
  - component: {fileID: 1500582811}
  m_Layer: 0
  m_Name: Reporter
  m_TagString: Untagged
  m_Icon: {fileID: 0}
  m_NavMeshLayer: 0
  m_StaticEditorFlags: 0
  m_IsActive: 1
--- !u!114 &1500582811
MonoBehaviour:
  m_ObjectHideFlags: 0
  m_CorrespondingSourceObject: {fileID: 0}
  m_PrefabInstance: {fileID: 0}
  m_PrefabAsset: {fileID: 0}
  m_GameObject: {fileID: 1500582810}
  m_Enabled: 1
  m_EditorHideFlags: 0
  m_Script: {fileID: 11500000, guid: 6767a180de870304caa2013b2772dd62, type: 3}
  m_Name: 
  m_EditorClassIdentifier: 
--- !u!114 &1500582812
MonoBehaviour:
  m_ObjectHideFlags: 0
  m_CorrespondingSourceObject: {fileID: 0}
  m_PrefabInstance: {fileID: 0}
  m_PrefabAsset: {fileID: 0}
  m_GameObject: {fileID: 1500582810}
  m_Enabled: 1
  m_EditorHideFlags: 0
  m_Script: {fileID: 11500000, guid: 600c02144c4813244abd262cbcbe8825, type: 3}
  m_Name: 
  m_EditorClassIdentifier: 
  show: 0
  UserData: 
  fps: 0
  fpsText: 
  images:
    clearImage: {fileID: 2800000, guid: 112c6fcf56e349449ab2e6ad76b67816, type: 3}
    collapseImage: {fileID: 2800000, guid: 4623f326a884a2546ab39078bf7822c3, type: 3}
    clearOnNewSceneImage: {fileID: 2800000, guid: 3a6bc61a8319b1949ab9f1f2db1302b4,
      type: 3}
    showTimeImage: {fileID: 2800000, guid: 782e03669fa4a614e89ef56252134250, type: 3}
    showSceneImage: {fileID: 2800000, guid: ff4dfb29f203a174ab8e4c498afe908a, type: 3}
    userImage: {fileID: 2800000, guid: 2bcdc012e7356f1449ce7d3a31dc458c, type: 3}
    showMemoryImage: {fileID: 2800000, guid: f447d62f2dacf9843be7cbf168a3a9d0, type: 3}
    softwareImage: {fileID: 2800000, guid: 6c91fc88ee6c791468318d85febfb48d, type: 3}
    dateImage: {fileID: 2800000, guid: a7561cd0a9f62a84e99bff1abce2a222, type: 3}
    showFpsImage: {fileID: 2800000, guid: 90b2f48155dc0e74f8e428561ac79da5, type: 3}
    infoImage: {fileID: 2800000, guid: 2954bef266e6d794aba08ceacc887a0f, type: 3}
    searchImage: {fileID: 2800000, guid: bfef37b5a26d2264798616d960451329, type: 3}
    closeImage: {fileID: 2800000, guid: b65e9be99974bc94eab5d6698811d0b8, type: 3}
    buildFromImage: {fileID: 2800000, guid: 8702be598dd9f504ca33be2afee2ca33, type: 3}
    systemInfoImage: {fileID: 2800000, guid: e9011b1dc9256ad4d9c19a31c595f95f, type: 3}
    graphicsInfoImage: {fileID: 2800000, guid: 999d31716332cc04eb4abc9c9270b0ca, type: 3}
    backImage: {fileID: 2800000, guid: a0632a18e7c665641b94fea66506ab50, type: 3}
    logImage: {fileID: 2800000, guid: e876b803a4dd5c5488078071d15aa9c0, type: 3}
    warningImage: {fileID: 2800000, guid: 1066be8e7b994b94c8a182b8dbe30705, type: 3}
    errorImage: {fileID: 2800000, guid: 7640ebf8b3a92124d821d3b4b8b3fd7e, type: 3}
    barImage: {fileID: 2800000, guid: 8128d4f4c0193e34586f9631ef7d4787, type: 3}
    button_activeImage: {fileID: 2800000, guid: 2580a2e903691e44282e56ed6e0ff37a,
      type: 3}
    even_logImage: {fileID: 2800000, guid: d27aad55b568c6544b0b95a95da44bc7, type: 3}
    odd_logImage: {fileID: 2800000, guid: 8ffbb44a2c3adae45913474e4fd487f5, type: 3}
    selectedImage: {fileID: 2800000, guid: 17117a429b08e7e43b0b6c8421de69fe, type: 3}
    reporterScrollerSkin: {fileID: 11400000, guid: 1cc68832d00d3284a9324a4dc05be753,
      type: 2}
  size: {x: 32, y: 32}
  maxSize: 20
  numOfCircleToShow: 1
  Initialized: 0
--- !u!4 &1500582813
Transform:
  m_ObjectHideFlags: 0
  m_CorrespondingSourceObject: {fileID: 0}
  m_PrefabInstance: {fileID: 0}
  m_PrefabAsset: {fileID: 0}
  m_GameObject: {fileID: 1500582810}
  m_LocalRotation: {x: 0, y: 0, z: 0, w: 1}
  m_LocalPosition: {x: 0, y: 0, z: 0}
  m_LocalScale: {x: 1, y: 1, z: 1}
  m_Children: []
  m_Father: {fileID: 0}
  m_RootOrder: 5
  m_LocalEulerAnglesHint: {x: 0, y: 0, z: 0}
--- !u!1 &1690118754
GameObject:
  m_ObjectHideFlags: 0
  m_CorrespondingSourceObject: {fileID: 0}
  m_PrefabInstance: {fileID: 0}
  m_PrefabAsset: {fileID: 0}
  serializedVersion: 6
  m_Component:
  - component: {fileID: 1690118755}
  - component: {fileID: 1690118757}
  - component: {fileID: 1690118756}
  - component: {fileID: 1690118758}
  - component: {fileID: 1690118759}
  m_Layer: 0
  m_Name: AR Camera
  m_TagString: Untagged
  m_Icon: {fileID: 0}
  m_NavMeshLayer: 0
  m_StaticEditorFlags: 0
  m_IsActive: 1
--- !u!4 &1690118755
Transform:
  m_ObjectHideFlags: 0
  m_CorrespondingSourceObject: {fileID: 0}
  m_PrefabInstance: {fileID: 0}
  m_PrefabAsset: {fileID: 0}
  m_GameObject: {fileID: 1690118754}
  m_LocalRotation: {x: 0, y: 0, z: 0, w: 1}
  m_LocalPosition: {x: 0, y: 0, z: 0}
  m_LocalScale: {x: 1, y: 1, z: 1}
  m_Children: []
  m_Father: {fileID: 1209415291}
  m_RootOrder: 0
  m_LocalEulerAnglesHint: {x: 0, y: 0, z: 0}
--- !u!81 &1690118756
AudioListener:
  m_ObjectHideFlags: 0
  m_CorrespondingSourceObject: {fileID: 0}
  m_PrefabInstance: {fileID: 0}
  m_PrefabAsset: {fileID: 0}
  m_GameObject: {fileID: 1690118754}
  m_Enabled: 1
--- !u!20 &1690118757
Camera:
  m_ObjectHideFlags: 0
  m_CorrespondingSourceObject: {fileID: 0}
  m_PrefabInstance: {fileID: 0}
  m_PrefabAsset: {fileID: 0}
  m_GameObject: {fileID: 1690118754}
  m_Enabled: 1
  serializedVersion: 2
  m_ClearFlags: 1
  m_BackGroundColor: {r: 0.19215687, g: 0.3019608, b: 0.4745098, a: 0}
  m_projectionMatrixMode: 1
  m_SensorSize: {x: 36, y: 24}
  m_LensShift: {x: 0, y: 0}
  m_GateFitMode: 2
  m_FocalLength: 50
  m_NormalizedViewPortRect:
    serializedVersion: 2
    x: 0
    y: 0
    width: 1
    height: 1
  near clip plane: 0.3
  far clip plane: 1000
  field of view: 179
  orthographic: 0
  orthographic size: 5
  m_Depth: 0
  m_CullingMask:
    serializedVersion: 2
    m_Bits: 4294967295
  m_RenderingPath: -1
  m_TargetTexture: {fileID: 0}
  m_TargetDisplay: 0
  m_TargetEye: 3
  m_HDR: 1
  m_AllowMSAA: 1
  m_AllowDynamicResolution: 0
  m_ForceIntoRT: 0
  m_OcclusionCulling: 1
  m_StereoConvergence: 10
  m_StereoSeparation: 0.022
--- !u!114 &1690118758
MonoBehaviour:
  m_ObjectHideFlags: 0
  m_CorrespondingSourceObject: {fileID: 0}
  m_PrefabInstance: {fileID: 0}
  m_PrefabAsset: {fileID: 0}
  m_GameObject: {fileID: 1690118754}
  m_Enabled: 1
  m_EditorHideFlags: 0
  m_Script: {fileID: 1742909100, guid: ed7343f30e3843b3afda8f8b02669cea, type: 3}
  m_Name: 
  m_EditorClassIdentifier: 
  m_Device: 0
  m_PoseSource: 6
  m_PoseProviderComponent: {fileID: 0}
  m_TrackingType: 0
  m_UpdateType: 0
  m_UseRelativeTransform: 1
--- !u!114 &1690118759
MonoBehaviour:
  m_ObjectHideFlags: 0
  m_CorrespondingSourceObject: {fileID: 0}
  m_PrefabInstance: {fileID: 0}
  m_PrefabAsset: {fileID: 0}
  m_GameObject: {fileID: 1690118754}
  m_Enabled: 1
  m_EditorHideFlags: 0
  m_Script: {fileID: 11500000, guid: 816b289ef451e094f9ae174fb4cf8db0, type: 3}
  m_Name: 
  m_EditorClassIdentifier: 
  m_UseCustomMaterial: 0
  m_CustomMaterial: {fileID: 0}
  m_UseCustomRendererAsset: 0
  m_CustomRendererAsset: {fileID: 0}
--- !u!1 &1841610597
GameObject:
  m_ObjectHideFlags: 0
  m_CorrespondingSourceObject: {fileID: 0}
  m_PrefabInstance: {fileID: 0}
  m_PrefabAsset: {fileID: 0}
  serializedVersion: 6
  m_Component:
  - component: {fileID: 1841610599}
  - component: {fileID: 1841610598}
  m_Layer: 0
  m_Name: Directional Light
  m_TagString: Untagged
  m_Icon: {fileID: 0}
  m_NavMeshLayer: 0
  m_StaticEditorFlags: 0
  m_IsActive: 1
--- !u!108 &1841610598
Light:
  m_ObjectHideFlags: 0
  m_CorrespondingSourceObject: {fileID: 0}
  m_PrefabInstance: {fileID: 0}
  m_PrefabAsset: {fileID: 0}
  m_GameObject: {fileID: 1841610597}
  m_Enabled: 1
  serializedVersion: 8
  m_Type: 1
  m_Color: {r: 1, g: 1, b: 1, a: 1}
  m_Intensity: 1
  m_Range: 10
  m_SpotAngle: 30
  m_CookieSize: 10
  m_Shadows:
    m_Type: 0
    m_Resolution: -1
    m_CustomResolution: -1
    m_Strength: 1
    m_Bias: 0.05
    m_NormalBias: 0.4
    m_NearPlane: 0.2
  m_Cookie: {fileID: 0}
  m_DrawHalo: 0
  m_Flare: {fileID: 0}
  m_RenderMode: 0
  m_CullingMask:
    serializedVersion: 2
    m_Bits: 4294967295
  m_Lightmapping: 4
  m_LightShadowCasterMode: 0
  m_AreaSize: {x: 1, y: 1}
  m_BounceIntensity: 1
  m_ColorTemperature: 6570
  m_UseColorTemperature: 0
  m_ShadowRadius: 0
  m_ShadowAngle: 0
--- !u!4 &1841610599
Transform:
  m_ObjectHideFlags: 0
  m_CorrespondingSourceObject: {fileID: 0}
  m_PrefabInstance: {fileID: 0}
  m_PrefabAsset: {fileID: 0}
  m_GameObject: {fileID: 1841610597}
  m_LocalRotation: {x: 0.40821788, y: -0.23456968, z: 0.10938163, w: 0.8754261}
  m_LocalPosition: {x: 0, y: 0, z: 0}
  m_LocalScale: {x: 1, y: 1, z: 1}
  m_Children: []
  m_Father: {fileID: 0}
  m_RootOrder: 0
  m_LocalEulerAnglesHint: {x: 50, y: -30, z: 0}
